<record><leader>00000cas a22000007a 4500</leader><controlfield tag="001">11513072</controlfield><controlfield tag="008">841220d18761880cauwr ne      0    0eng d</controlfield><datafield ind1=" " ind2=" " tag="010"><subfield code="a">sn 84038778 </subfield></datafield><datafield ind1=" " ind2=" " tag="040"><subfield code="a">NPX</subfield><subfield code="b">eng</subfield><subfield code="c">NPX</subfield><subfield code="d">CNK</subfield><subfield code="d">OCLCQ</subfield></datafield><datafield ind1=" " ind2=" " tag="042"><subfield code="a">msc</subfield></datafield><datafield ind1="0" ind2="0" tag="245"><subfield code="a">Los Nietos Valley courier.</subfield></datafield><datafield ind1=" " ind2=" " tag="260"><subfield code="a">Downey City [Downey] Los Angeles County, Cal. :</subfield><subfield code="b">A. Waite</subfield></datafield><datafield ind1=" " ind2=" " tag="300"><subfield code="a">v.</subfield></datafield><datafield ind1=" " ind2=" " tag="310"><subfield code="a">Weekly</subfield></datafield><datafield ind1="0" ind2=" " tag="362"><subfield code="a">Vol. 2 no. 1 (Mar. 11, 1876)-</subfield></datafield><datafield ind1="1" ind2=" " tag="362"><subfield code="a">Ceased in Apr. 1880.</subfield><subfield code="z">Cf. NIM.</subfield></datafield><datafield ind1=" " ind2="4" tag="651"><subfield code="a">Los Angeles County (Calif.)</subfield><subfield code="v">Newspapers.</subfield></datafield><datafield ind1=" " ind2="4" tag="651"><subfield code="a">Los Nietos Valley (Calif.)</subfield><subfield code="v">Newspapers.</subfield></datafield><datafield ind1=" " ind2=" " tag="752"><subfield code="a">United States</subfield><subfield code="b">California</subfield><subfield code="c">Los Angeles</subfield><subfield code="d">Downey.</subfield></datafield><datafield ind1="0" ind2="0" tag="780"><subfield code="t">Downey City courier (Downey City, Calif. : 1875)</subfield><subfield code="w">(DLC)sn 92068401</subfield></datafield><datafield ind1="0" ind2="0" tag="785"><subfield code="t">Downey City courier (Downey City, Calif. : 1880)</subfield><subfield code="w">(DLC)sn 92068402</subfield></datafield></record>